@inproceedings{ajtai1996generating,
  title={Generating hard instances of lattice problems},
  author={Ajtai, Mikl{\'o}s},
  booktitle={Proceedings of the twenty-eighth annual ACM symposium on Theory of computing},
  pages={99--108},
  year={1996},
  organization={ACM}
}

@inproceedings{peikert2014lattice,
  title={Lattice cryptography for the internet},
  author={Peikert, Chris},
  booktitle={International Workshop on Post-Quantum Cryptography},
  pages={197--219},
  year={2014},
  organization={Springer}
}

@article{ding2012simple,
  title={A Simple Provably Secure Key Exchange Scheme Based on the Learning with Errors Problem.},
  author={Ding, Jintai and Xie, Xiang and Lin, Xiaodong},
  journal={IACR Cryptology ePrint Archive},
  volume={2012},
  pages={688},
  year={2012}
}

@inproceedings{Regev:2005:LLE:1060590.1060603,
 author = {Regev, Oded},
 title = {On Lattices, Learning with Errors, Random Linear Codes, and Cryptography},
 booktitle = {Proceedings of the Thirty-seventh Annual ACM Symposium on Theory of Computing},
 series = {STOC '05},
 year = {2005},
 isbn = {1-58113-960-8},
 location = {Baltimore, MD, USA},
 pages = {84--93},
 numpages = {10},
 url = {\url{http://doi.acm.org/10.1145/1060590.1060603}},
 doi = {10.1145/1060590.1060603},
 acmid = {1060603},
 publisher = {ACM},
 address = {New York, NY, USA},
 keywords = {computational learning theory, cryptography, lattices, public key encryption, quantum computing, statistical queries},
} 
@Article{Lenstra1982,
author="Lenstra, A. K.
and Lenstra, H. W.
and Lov{\'a}sz, L.",
title="Factoring polynomials with rational coefficients",
journal="Mathematische Annalen",
year="1982",
volume="261",
number="4",
pages="515--534",
issn="1432-1807",
doi="10.1007/BF01457454",
url={\url{http://dx.doi.org/10.1007/BF01457454}}
}


@article{doi:10.1137/0215038,
author = {A. M. Frieze},
title = {On the Lagarias-Odlyzko Algorithm for the Subset Sum Problem},
journal = {SIAM Journal on Computing},
volume = {15},
number = {2},
pages = {536-539},
year = {1986},
doi = {10.1137/0215038},
URL = { 
        \url{http://dx.doi.org/10.1137/0215038}
}
}

@Inbook{Hastad1986,
author="Hastad, Johan",
title="N Using RSA with Low Exponent in a Public Key Network",
bookTitle="Advances in Cryptology --- CRYPTO '85 Proceedings",
year="1986",
publisher="Springer Berlin Heidelberg",
address="Berlin, Heidelberg",
pages="403--408",
isbn="978-3-540-39799-1",
doi="10.1007/3-540-39799-X_29",
url={\url{http://dx.doi.org/10.1007/3-540-39799-X_29}}
}

@inproceedings{Coppersmith:2001:FSS:648244.753513,
 author = {Coppersmith, Don},
 title = {Finding Small Solutions to Small Degree Polynomials},
 booktitle = {Revised Papers from the International Conference on Cryptography and Lattices},
 series = {CaLC '01},
 year = {2001},
 isbn = {3-540-42488-1},
 pages = {20--31},
 numpages = {12},
 url = {\url{http://dl.acm.org/citation.cfm?id=648244.753513}},
 acmid = {753513},
 publisher = {Springer-Verlag},
 address = {London, UK, UK},
} 

@inproceedings{Gentry:2008:THL:1374376.1374407,
 author = {Gentry, Craig and Peikert, Chris and Vaikuntanathan, Vinod},
 title = {Trapdoors for Hard Lattices and New Cryptographic Constructions},
 booktitle = {Proceedings of the Fortieth Annual ACM Symposium on Theory of Computing},
 series = {STOC '08},
 year = {2008},
 isbn = {978-1-60558-047-0},
 location = {Victoria, British Columbia, Canada},
 pages = {197--206},
 numpages = {10},
 url = {\url{http://doi.acm.org/10.1145/1374376.1374407}},
 doi = {10.1145/1374376.1374407},
 acmid = {1374407},
 publisher = {ACM},
 address = {New York, NY, USA},
 keywords = {lattice-based cryptography, trapdoor functions},
} 

@article{DBLP:journals/iacr/Ding12a,
  author    = {Jintai Ding},
  title     = {A Simple Provably Secure Key Exchange Scheme Based on the Learning
               with Errors Problem},
  journal   = {{IACR} Cryptology ePrint Archive},
  volume    = {2012},
  pages     = {688},
  year      = {2012},
  url       = {\url{http://eprint.iacr.org/2012/688}},
  timestamp = {Tue, 08 Jan 2013 12:11:43 +0100},
  biburl    = {http://dblp.uni-trier.de/rec/bib/journals/iacr/Ding12a},
  bibsource = {dblp computer science bibliography, http://dblp.org}
}

@inproceedings{bos2015post,
  title={Post-quantum key exchange for the TLS protocol from the ring learning with errors problem},
  author={Bos, Joppe W and Costello, Craig and Naehrig, Michael and Stebila, Douglas},
  booktitle={2015 IEEE Symposium on Security and Privacy},
  pages={553--570},
  year={2015},
  organization={IEEE}
}



@inproceedings{alkim2015post,
  author        = {Erdem Alkim and L\'eo Ducas and Thomas P\"oppelmann and Peter Schwabe},
  title         = {Post-quantum key exchange -- a new hope},
  booktitle     = {Proceedings of the 25th USENIX Security Symposium},
  publisher     = {USENIX Association},
  year          = {2016},
  url = {\url{http://cryptojedi.org/papers/\#newhope}},
}

@ARTICLE{481786, 
author={E. Viterbo and E. Biglieri}, 
journal={IEEE Transactions on Information Theory}, 
title={Computing the Voronoi cell of a lattice: the diamond-cutting algorithm}, 
year={1996}, 
volume={42}, 
number={1}, 
pages={161-171}, 
keywords={Gaussian channels;computational complexity;computational geometry;error statistics;lattice theory;parameter estimation;quantisation (signal);Gaussian channel;Voronoi cell;additive white Gaussian noise channel;computational complexity;density;diamond-cutting algorithm;dimension;dimensionless second moment;error probability;lattice parameters;lattice quantizers;lattice signal constellations;quantizing constant;thickness;Additive white noise;Closed-form solution;Constellation diagram;Error probability;Gaussian channels;Helium;Lattices;Monte Carlo methods;Quantization;Upper bound}, 
doi={10.1109/18.481786}, 
ISSN={0018-9448}, 
month={Jan},}

@Inbook{Micciancio2009,
author="Micciancio, Daniele
and Regev, Oded",
title="Lattice-based Cryptography",
bookTitle="Post-Quantum Cryptography",
year="2009",
publisher="Springer Berlin Heidelberg",
address="Berlin, Heidelberg",
pages="147--191",
isbn="978-3-540-88702-7",
doi="10.1007/978-3-540-88702-7_5",
url="\url{http://dx.doi.org/10.1007/978-3-540-88702-7_5}"
}

@MISC {vikramsingh2015,
    author       = "Vikram Singh",
    title        = "A Practical Key Exchange for the Internet using Lattice Cryptography",
    howpublished = "Cryptology ePrint Archive, Report 2015/138",
    year         = "2015",
    url         = "\url{http://eprint.iacr.org/2015/138}"
}

@misc{braithwaite_2016, title={Experimenting with Post-Quantum Cryptography}, url={https://security.googleblog.com/2016/07/experimenting-with-post-quantum.html}, journal={Google Online Security Blog}, publisher={Google}, author={Braithwaite, Matt}, year={2016}, month={Jul}}

@misc{cryptoeprint:2014:479,
    author = {Giorgia Azzurra Marson and Bertram Poettering},
    title = {Even more practical secure logging: Tree-based Seekable Sequential Key Generators},
    howpublished = {Cryptology ePrint Archive, Report 2014/479},
    year = {2014},
    note = {\url{http://eprint.iacr.org/2014/479}},
}

@misc{cryptoeprint:2015:008,
    author = {Satrajit Ghosh and Aniket Kate},
    title = {Post-Quantum Forward-Secure Onion Routing (Future Anonymity in Today’s Budget)},
    howpublished = {Cryptology ePrint Archive, Report 2015/008},
    year = {2015},
    note = {\url{http://eprint.iacr.org/2015/008}},
}

@misc{cryptoeprint:2014:589,
    author = {Jiang Zhang  and Zhenfeng Zhang and Jintai Ding and Michael Snook and Özgür Dagdelen  },
    title = {Authenticated Key Exchange from Ideal Lattices},
    howpublished = {Cryptology ePrint Archive, Report 2014/589},
    year = {2014},
    note = {\url{http://eprint.iacr.org/2014/589}},
}

@misc{cryptoeprint:2015:1120,
    author = {Vikram Singh and Arjun Chopra},
    title = {Even More Practical Key Exchanges for the Internet using Lattice Cryptography},
    howpublished = {Cryptology ePrint Archive, Report 2015/1120},
    year = {2015},
    note = {\url{http://eprint.iacr.org/2015/1120}},
}

@misc{cryptoeprint:2012:230,
    author = {Vadim Lyubashevsky and Chris Peikert and Oded Regev},
    title = {On Ideal Lattices and Learning with Errors Over Rings},
    howpublished = {Cryptology ePrint Archive, Report 2012/230},
    year = {2012},
    note = {\url{http://eprint.iacr.org/2012/230}},
}
@misc{cryptoeprint:2011:537,
    author = {Vadim Lyubashevsky},
    title = {Lattice Signatures Without Trapdoors},
    howpublished = {Cryptology ePrint Archive, Report 2011/537},
    year = {2011},
    note = {\url{http://eprint.iacr.org/2011/537}},
}
@Inbook{Janos2014,
    author={Folláth János},
    chapter={Gaussian Sampling in Lattice Based Cryptography},
    title={tmmp},
    year={2014},
    month={2017},
    day={01-15T19:25:08.424+01:00},
    volume={60},
    issn={12103195},
    journal=  {The Journal of Slovak Academy of Sciences},
    doi={10.2478/tmmp-2014-0022},
    url={\url{https://www.degruyter.com/view/j/tmmp.2014.60.issue-1/tmmp-2014-0022/tmmp-2014-0022.xml}},
    publisher={Tatra Mountains Mathematical Publications}
}
@misc{cryptoeprint:2013:065,
    author = {Patrick Weiden and Andreas Hülsing and Daniel Cabarcas and Johannes Buchmann},
    title = {Instantiating Treeless Signature Schemes},
    howpublished = {Cryptology ePrint Archive, Report 2013/065},
    year = {2013},
    note = {\url{http://eprint.iacr.org/2013/065}},
}

@article{Dwarakanath:2014:SDG:2635676.2635683,
 author = {Dwarakanath, Nagarjun C. and Galbraith, Steven D.},
 title = {Sampling from Discrete Gaussians for Lattice-based Cryptography on a Constrained Device},
 journal = {Appl. Algebra Eng., Commun. Comput.},
 issue_date = {June      2014},
 volume = {25},
 number = {3},
 month = jun,
 year = {2014},
 issn = {0938-1279},
 pages = {159--180},
 numpages = {22},
 url = {\url{http://dx.doi.org/10.1007/s00200-014-0218-3}},
 doi = {10.1007/s00200-014-0218-3},
 acmid = {2635683},
 publisher = {Springer-Verlag},
 address = {Berlin, Heidelberg},
 keywords = {Lattice-based cryptography, Sampling discrete gaussian distributions},
} 

@book{Wang:2015:MFP:2901632,
 author = {Wang, Xiaoyun and Xu, Guangwu and Wang, Mingqiang and Meng, Xianmeng},
 title = {Mathematical Foundations of Public Key Cryptography},
 year = {2015},
 isbn = {1498702236, 9781498702232},
 publisher = {CRC Press, Inc.},
 address = {Boca Raton, FL, USA},
} 

@ARTICLE{1163372, 
author={H. Nussbaumer}, 
journal={IEEE Transactions on Acoustics, Speech, and Signal Processing}, 
title={Fast polynomial transform algorithms for digital convolution}, 
year={1980}, 
volume={28}, 
number={2}, 
pages={205-215}, 
keywords={Acoustic signal processing;Arithmetic;Convolution;Digital signal processing;Helium;Multidimensional signal processing;Multidimensional systems;Polynomials;Signal processing algorithms;Speech processing}, 
doi={10.1109/TASSP.1980.1163372}, 
ISSN={0096-3518}, 
month={Apr},}

@Article{Schonhage1971,
author="Schonhage, A. and Strassen, V.",
title="Schnelle Multiplikation gro{\ss}er Zahlen",
journal="Computing",
year="1971",
volume="7",
number="3",
pages="281--292",
abstract="Es wird ein Algorithmus zur Berechnung des Produktes von zweiN-stelligen Dualzahlen angegeben. Zwei Arten der Realisierung werden betrachtet: Turingmaschinen mit mehreren B{\"a}ndern und logische Netze (aus zweistelligen logischen Elementen aufgebaut).",
issn="1436-5057",
doi="10.1007/BF02242355",
url="\url{http://dx.doi.org/10.1007/BF02242355}"
}

@misc{cryptoeprint:2015:943,
    author = {Tung Chou},
    title = {Sandy2x: New Curve25519 Speed Records},
    howpublished = {Cryptology ePrint Archive, Report 2015/943},
    year = {2015},
    note = {\url{http://eprint.iacr.org/2015/943}},
}


@inproceedings{Shor:1997:PAP:264393.264406,
 author = {Shor, P. W.},
 title = {Algorithms for Quantum Computation: Discrete Logarithms and Factoring},
 booktitle = {Proceedings of the 35th Annual Symposium on Foundations of Computer Science},
 series = {SFCS '94},
 year = {1994},
 isbn = {0-8186-6580-7},
 pages = {124--134},
 numpages = {11},
 url = {http://dx.doi.org/10.1109/SFCS.1994.365700},
 doi = {10.1109/SFCS.1994.365700},
 acmid = {1399018},
 publisher = {IEEE Computer Society},
 address = {Washington, DC, USA},
 keywords = {cryptosystems, quantum computation algorithms, discrete logarithms, factoring, physical computational device, polynomial factor, Las Vegas algorithms, quantum computer},
} 



@Article{Mic07cyclic,
  author = 	 {Daniele Micciancio},
  title = 	 {Generalized compact knapsaks, cyclic lattices, and
                   efficient one-way functions},
  journal = 	 {Computational Complexity},
  year = 	 2007,
  volume = 	 16,
  number =       4,
  pages = 	 {365--411},
  month = 	 dec,
  note = 	 {Prelim. in FOCS 2002}
}

@InProceedings{LyuMic06icalp,
  Author         = {Lyubashevsky, Vadim and Micciancio, Daniele},
  Title          = {Generalized compact knapsacks are collision resistant},
  year           = 2006,
  Editor         = {Wegener, Ingo and Sassone, Vladimiro and Preneel, Bart},
  Series         = {Lecture Notes in Computer Science},
  Address        = {Venice, Italy},
  Publisher      = {Springer-Verlag},
  booktitle      = {Proceedings of the 33rd international colloquium on
                   automata, languages and programming - {ICALP} 2006},
  month          = jul,
  volume         = 4052,
  pages          = {144--155},
}

@inproceedings{Ajtai:1997:PCW:258533.258604,
 author = {Ajtai, Mikl\'{o}s and Dwork, Cynthia},
 title = {A Public-key Cryptosystem with Worst-case/Average-case Equivalence},
 booktitle = {Proceedings of the Twenty-ninth Annual ACM Symposium on Theory of Computing},
 series = {STOC '97},
 year = {1997},
 isbn = {0-89791-888-6},
 location = {El Paso, Texas, USA},
 pages = {284--293},
 numpages = {10},
 url = {\url{http://doi.acm.org/10.1145/258533.258604}},
 doi = {10.1145/258533.258604},
 acmid = {258604},
 publisher = {ACM},
 address = {New York, NY, USA},
} 


@inproceedings{Lindner:2011:BKS:1964621.1964651,
 author = {Lindner, Richard and Peikert, Chris},
 title = {Better Key Sizes (and Attacks) for LWE-based Encryption},
 booktitle = {Proceedings of the 11th International Conference on Topics in Cryptology: CT-RSA 2011},
 series = {CT-RSA'11},
 year = {2011},
 isbn = {978-3-642-19073-5},
 location = {San Francisco, CA, USA},
 pages = {319--339},
 numpages = {21},
 url = {\url{http://dl.acm.org/citation.cfm?id=1964621.1964651}},
 acmid = {1964651},
 publisher = {Springer-Verlag},
 address = {Berlin, Heidelberg},
 keywords = {basis reduction, lattice-based cryptography, learning with errors},
} 

@Article{Babai1986,
author="Babai, L.",
title="On Lovász lattice reduction and the nearest lattice point problem",
journal="Combinatorica",
year="1986",
volume="6",
number="1",
pages="1--13",
issn="1439-6912",
doi="10.1007/BF02579403",
url={\url{http://dx.doi.org/10.1007/BF02579403"}}
}

@misc{cryptoeprint:2014:062,
    author = {Tancrède Lepoint and Michael Naehrig},
    title = {A Comparison of the Homomorphic Encryption Schemes FV and YASHE},
    howpublished = {Cryptology ePrint Archive, Report 2014/062},
    year = {2014},
    url = "http://eprint.iacr.org/2014/062"
}

@inproceedings{Chen:2011:BBL:2184022.2184024,
 author = {Chen, Yuanmi and Nguyen, Phong Q.},
 title = {BKZ 2.0: Better Lattice Security Estimates},
 booktitle = {Proceedings of the 17th International Conference on The Theory and Application of Cryptology and Information Security},
 series = {ASIACRYPT'11},
 year = {2011},
 isbn = {978-3-642-25384-3},
 location = {Seoul, South Korea},
 pages = {1--20},
 numpages = {20},
 url = {http://dx.doi.org/10.1007/978-3-642-25385-0_1},
 doi = {10.1007/978-3-642-25385-0_1},
 acmid = {2184024},
 publisher = {Springer-Verlag},
 address = {Berlin, Heidelberg},
} 


@INPROCEEDINGS{Schnorr93latticebasis,
    author = {C. P. Schnorr and M. Euchner},
    title = {Lattice Basis Reduction: Improved Practical Algorithms and Solving Subset Sum Problems.},
    booktitle = {Math. Programming},
    year = {1993},
    pages = {181--191}
}

@ARTICLE{1055638, 
author={W. Diffie and M. Hellman}, 
journal={IEEE Transactions on Information Theory}, 
title={New directions in cryptography}, 
year={1976}, 
volume={22}, 
number={6}, 
pages={644-654}, 
keywords={Cryptography;Application software;Communication system security;Computer aided instruction;Computer networks;Costs;Hardware;Information theory;Postal services;Public key cryptography;Telecommunication computing}, 
doi={10.1109/TIT.1976.1055638}, 
ISSN={0018-9448}, 
month={Nov},}

@misc{cryptoeprint:2004:070,
    author = {Steven D Galbraith and Victor Rotger},
    title = {Easy decision-Diffie-Hellman groups},
    howpublished = {Cryptology ePrint Archive, Report 2004/070},
    year = {2004},
    note = {\url{http://eprint.iacr.org/2004/070}},
}

@INPROCEEDINGS{1366232, 
    author={S. Khot}, 
    booktitle={45th Annual IEEE Symposium on Foundations of Computer Science}, 
    title={Hardness of approximating the shortest vector problem in lattices}, 
    year={2004}, 
    pages={126-135}, 
    keywords={BCH codes;approximation theory;computational complexity;lattice theory;randomised algorithms;tensors;BCH codes;NP-hard problem;augmented tensor product;closest vector problem;hardness factor;lattices;randomized reduction;shortest vector problem;Books;Computer science;Gaussian processes;Geometry;History;Lattices;Linear programming;Paper technology;Polynomials;Tensile stress}, 
    doi={10.1109/FOCS.2004.31}, 
    ISSN={0272-5428}, 
    month={Oct},
}

@inproceedings{Ajtai:1998:SVP:276698.276705,
 author = {Ajtai, Mikl\'{o}s},
 title = {The Shortest Vector Problem in L2 is NP-hard for Randomized Reductions (Extended Abstract)},
 booktitle = {Proceedings of the Thirtieth Annual ACM Symposium on Theory of Computing},
 series = {STOC '98},
 year = {1998},
 isbn = {0-89791-962-9},
 location = {Dallas, Texas, USA},
 pages = {10--19},
 numpages = {10},
 url = {\url{http://doi.acm.org/10.1145/276698.276705}},
 doi = {10.1145/276698.276705},
 acmid = {276705},
 publisher = {ACM},
 address = {New York, NY, USA},
} 

@article{Khot:2005:HAS:1089023.1089027,
 author = {Khot, Subhash},
 title = {Hardness of Approximating the Shortest Vector Problem in Lattices},
 journal = {J. ACM},
 issue_date = {September 2005},
 volume = {52},
 number = {5},
 month = sep,
 year = {2005},
 issn = {0004-5411},
 pages = {789--808},
 numpages = {20},
 url = {\url{http://doi.acm.org/10.1145/1089023.1089027}},
 doi = {10.1145/1089023.1089027},
 acmid = {1089027},
 publisher = {ACM},
 address = {New York, NY, USA},
 keywords = {Approximation algorithms, cryptography, hardness of approximation, lattices, shortest vector problem},
} 

@inproceedings{Shamir:1982:PTA:1382436.1382749,
 author = {Shamir, Adi},
 title = {A Polynomial Time Algorithm for Breaking the Basic Merkle-Hellman Cryptosystem},
 booktitle = {Proceedings of the 23rd Annual Symposium on Foundations of Computer Science},
 series = {SFCS '82},
 year = {1982},
 pages = {145--152},
 numpages = {8},
 url = {\url{http://dx.doi.org/10.1109/SFCS.1982.55}},
 doi = {10.1109/SFCS.1982.55},
 acmid = {1382749},
 publisher = {IEEE Computer Society},
 address = {Washington, DC, USA},
} 

@article{Goldreich:1999:ASL:329343.329349,
 author = {Goldreich, O. and Micciancio, D. and Safra, S. and Seifert, J. -P.},
 title = {Approximating Shortest Lattice Vectors is Not Harder Than Approximating Closet Lattice Vectors},
 journal = {Inf. Process. Lett.},
 issue_date = {July 30, 1999},
 volume = {71},
 number = {2},
 month = jul,
 year = {1999},
 issn = {0020-0190},
 pages = {55--61},
 numpages = {7},
 url = {\url{http://dx.doi.org/10.1016/S0020-0190(99)00083-6}},
 doi = {10.1016/S0020-0190(99)00083-6},
 acmid = {329349},
 publisher = {Elsevier North-Holland, Inc.},
 address = {Amsterdam, The Netherlands, The Netherlands},
 keywords = {computational complexity, computational problems in integer lattices, linear error-correcting codes, reducibility among approximation problems, theory of computation},
} 



@inproceedings{DBLP:conf/crypto/ApplebaumCPS09,
 author = {Applebaum, Benny and Cash, David and Peikert, Chris and Sahai, Amit},
 title = {Fast Cryptographic Primitives and Circular-Secure Encryption Based on Hard Learning Problems},
 booktitle = {Proceedings of the 29th Annual International Cryptology Conference on Advances in Cryptology},
 series = {CRYPTO '09},
 year = {2009},
 isbn = {978-3-642-03355-1},
 location = {Santa Barbara, CA},
 pages = {595--618},
 numpages = {24},
 url = {\url{http://dx.doi.org/10.1007/978-3-642-03356-8_35}},
 doi = {10.1007/978-3-642-03356-8_35},
 acmid = {1616020},
 publisher = {Springer-Verlag},
 address = {Berlin, Heidelberg},
 keywords = {Encryption, Key-dependent message security, Lattice-based cryptography, Learning problems},
} 

@Inbook{Boneh1995,
author="Boneh, Dan
and Lipton, Richard J.",
title="Quantum Cryptanalysis of Hidden Linear Functions",
bookTitle="Advances in Cryptology --- CRYPT0' 95: 15th Annual International Cryptology Conference Santa Barbara, California, USA, August 27--31, 1995 Proceedings",
year="1995",
publisher="Springer Berlin Heidelberg",
address="Berlin, Heidelberg",
pages="424--437",
isbn="978-3-540-44750-4",
doi="10.1007/3-540-44750-4_34",
url="\url{http://dx.doi.org/10.1007/3-540-44750-4_34}"
}

@article{Micciancio:2007:WAR:1328722.1328733,
 author = {Micciancio, Daniele and Regev, Oded},
 title = {Worst-Case to Average-Case Reductions Based on Gaussian Measures},
 journal = {SIAM J. Comput.},
 issue_date = {April 2007},
 volume = {37},
 number = {1},
 month = apr,
 year = {2007},
 issn = {0097-5397},
 pages = {267--302},
 numpages = {36},
 url = {\url{http://dx.doi.org/10.1137/S0097539705447360}},
 doi = {10.1137/S0097539705447360},
 acmid = {1328733},
 publisher = {Society for Industrial and Applied Mathematics},
 address = {Philadelphia, PA, USA},
 keywords = {Gaussian measures, lattices, worst-case to average-case reductions},
} 

@book{Hoffstein:2008:IMC:1481183,
 author = {Hoffstein, Jeffrey and Pipher, Jill and Silverman, J.H.},
 title = {An Introduction to Mathematical Cryptography},
 year = {2008},
 isbn = {0387779930, 9780387779935},
 edition = {1},
 publisher = {Springer Publishing Company, Incorporated},
} 

